<?xml version="1.0" encoding="UTF-8"?><record xmlns="http://www.loc.gov/MARC21/slim" xmlns:cinclude="http://apache.org/cocoon/include/1.0" xmlns:zs="http://www.loc.gov/zing/srw/">
  <leader>00364nz  a2200121n  4500</leader>
  <controlfield tag="001">nr 97039562 </controlfield>
  <controlfield tag="003">DLC</controlfield>
  <controlfield tag="005">19971126051318.8</controlfield>
  <controlfield tag="008">971105n| acannaab|          |n ana     c</controlfield>
  <datafield tag="010" ind1=" " ind2=" ">
    <subfield code="a">nr 97039562 </subfield>
  </datafield>
  <datafield tag="040" ind1=" " ind2=" ">
    <subfield code="a">UPB-Mu</subfield>
    <subfield code="c">UPB-Mu</subfield>
  </datafield>
  <datafield tag="110" ind1="2" ind2="0">
    <subfield code="a">Ensemble César Franck</subfield>
  </datafield>
  <datafield tag="670" ind1=" " ind2=" ">
    <subfield code="a">Ysaÿe, T. Quintette à clavier en si mineur, op. 5 [SR] p1990:</subfield>
    <subfield code="b">label (Ensemble César Franck)</subfield>
  </datafield>
</record>